@article{caballar2024we,
  title={We need to decarbonize software: the way we write software has unappreciated environmental impacts},
  author={Caballar, Rina Diane},
  journal={IEEE Spectrum},
  volume={61},
  number={4},
  pages={26--31},
  year={2024},
  publisher={IEEE}
}

@article{khan2018rapl,
  title={RAPL in action: Experiences in using RAPL for power measurements},
  author={Khan, Kashif Nizam and Hirki, Mikael and Niemi, Tapio and Nurminen, Jukka K and Ou, Zhonghong},
  journal={ACM Transactions on Modeling and Performance Evaluation of Computing Systems (TOMPECS)},
  volume={3},
  number={2},
  pages={1--26},
  year={2018},
  publisher={ACM}
}

@article{kavanagh2019rapid,
  title={Rapid and accurate energy models through calibration with IPMI and RAPL},
  author={Kavanagh, Richard and Djemame, Karim},
  journal={Concurrency and Computation: Practice and Experience},
  volume={31},
  number={13},
  pages={e5124},
  year={2019},
  publisher={Wiley}
}

@article{reya2023greenpy,
  title={GreenPy: evaluating application-level energy efficiency in Python for green computing},
  author={Reya, Nurzihan Fatema and Ahmed, Abtahi and Zaman, Tashfia and Islam, Md Motaharul},
  journal={Annals of Emerging Technologies in Computing},
  volume={7},
  number={3},
  pages={92--110},
  year={2023}
}

@inproceedings{lopez2019exploring,
  title={Exploring performance and energy consumption differences between recent Intel processors},
  author={Lopez-Novoa, Unai},
  booktitle={2019 IEEE SmartWorld/SCALCOM/UIC/ATC/CBDCom/IOP/SCI},
  pages={263--267},
  year={2019},
  organization={IEEE}
}

@inproceedings{roque2025unveiling,
  title={Unveiling the Energy Vampires: A Methodology for Debugging Software Energy Consumption},
  author={Roque, Enrique Barba and Cruz, Luis and Durieux, Thomas},
  booktitle={Proceedings of the 47th International Conference on Software Engineering (ICSE)},
  year={2025},
  note={To appear},
  url={https://conf.researchr.org/details/icse-2025/icse-2025-research-track/97/Unveiling-the-Energy-Vampires-A-Methodology-for-Debugging-Software-Energy-Consumptio}
}

@article{pereira_rank_efficiency,
  title={Ranking programming languages by energy efficiency},
  author={Pereira, Rui and Couto, Marco and Ribeiro, Francisco and Rua, Rui and Cunha, J{\'a}come and Fernandes, Jo{\~a}o Paulo and Saraiva, Jo{\~a}o},
  journal={Science of Computer Programming},
  volume={205},
  year={2021}
}

@article{van2024s,
  title={It's Not Easy Being Green: On the Energy Efficiency of Programming Languages},
  author={van Kempen, Nicolas and Kwon, Hyuk-Je and Nguyen, Dung Tuan and Berger, Emery D},
  journal={arXiv preprint arXiv:2410.05460},
  year={2024}
}

@misc{pep_index,
  title={Index of Python Enhancement Proposals},
  author={{The PEP Editors}},
  howpublished={\url{https://peps.python.org/#}},
  note={[Accessed on 5/12/2024]}
}

@misc{raspbian,
  title={Welcome to Raspbian},
  author={Raspbian},
  howpublished={\url{https://www.raspbian.org/FrontPage}},
  note={[Accessed on 15/12/2024]}
}

@misc{pyperf_git,
  title={Pyperformance GitHub repository},
  howpublished={\url{https://github.com/python/pyperformance}},
  note={[Accessed on 21/05/2025]}
}

@misc{py312,
  title={What's New In Python 3.12},
  author={Turner, Adam},
  howpublished={\url{https://docs.python.org/3/whatsnew/3.12.html}},
  note={[Accessed on 21/05/2025]}
}

@misc{pyperf_docs,
  title={Python Performance Benchmark Suite (Documentation)},
  howpublished={\url{https://pyperformance.readthedocs.io/}},
  note={[Accessed on 21/05/2025]}
}

@article{benoit2020impact,
  title={Impact of thermal throttling on long-term visual inference in a CPU-based edge device},
  author={Benoit-Cattin, Th{\'e}o and Velasco-Montero, Delia and Fern{\'a}ndez-Berni, Jorge},
  journal={Electronics},
  volume={9},
  number={12},
  pages={2106},
  year={2020}
}

@misc{otii_website,
  title={Otii Ace Pro on Qoitech Website},
  howpublished={\url{https://www.qoitech.com/otii-ace/}},
  note={[Accessed on 29/05/2025]}
}

@article{zhao2015exploring,
  title={Exploring IoT application using Raspberry Pi},
  author={Zhao, Cheah Wai and Jegatheesan, Jayanand and Loon, Son Chee},
  journal={International Journal of Computer Networks and Applications},
  volume={2},
  number={1},
  pages={27--34},
  year={2015}
}

@misc{raspberry_pi_website,
  title={Raspberry Pi website},
  howpublished={\url{https://www.raspberrypi.com/}},
  note={[Accessed on 29/05/2025]}
}

@misc{alpine_website,
  title={Alpine Linux website},
  howpublished={\url{https://www.alpinelinux.org/}},
  note={[Accessed on 29/05/2025]}
}

@misc{freebsd_website,
  title={FreeBSD website},
  howpublished={\url{https://www.freebsd.org/}},
  note={[Accessed on 29/05/2025]}
}

@misc{manjaro_website,
  title={Manjaro website},
  howpublished={\url{https://manjaro.org/}},
  note={[Accessed on 29/05/2025]}
}

@misc{ubuntu_website,
  title={Ubuntu website},
  howpublished={\url{https://ubuntu.com/}},
  note={[Accessed on 29/05/2025]}
}

@misc{python_repo,
  title={Python GitHub repository},
  howpublished={\url{https://github.com/python}},
  note={[Accessed on 29/05/2025]}
}

@article{djurdjev2024popularity,
  title={Popularity of programming languages},
  author={{\DJ}ur{\dj}ev, Darko},
  journal={AIDASCO Reviews},
  volume={2},
  number={2},
  pages={24--29},
  year={2024}
}
@misc{tiobe,
  title={The TIOBE Programming Community index},
  author={TIOBE},
  howpublished={\url{https://www.tiobe.com/tiobe-index/}},
  note={[Accessed on 29/05/2025]}
}

@misc{pypl,
  title={PYPL PopularitY of Programming Language Index},
  author={PYPL},
  howpublished={\url{https://pypl.github.io/PYPL.html}},
  note={[Accessed on 01/06/2025]}
}

@misc{statista,
  title={Most used programming languages among developers worldwide as of 2024},
  author={Vailshery, Lionel Sujay},
  howpublished={\url{https://www.statista.com/statistics/793628/worldwide-developer-survey-most-used-languages/}},
  note={[Accessed on 01/06/2025]}
}

@misc{stackover,
  title={Most popular technologies: Programming, scripting and markup languages},
  author={Stack Overflow},
  howpublished={\url{https://survey.stackoverflow.co/2024/technology#most-popular-technologies-language}},
  note={[Accessed on 01/06/2025]}
}

@article{lamprakos_energy,
  title={The impact of dynamic storage allocation on CPython execution time, memory footprint and energy consumption: An empirical study},
  author={Lamprakos, Christos P and Papadopoulos, Lazaros and Catthoor, Francky and Soudris, Dimitrios},
  journal={International Conference on Embedded Computer Systems},
  pages={219--234},
  year={2022},
  organization={Springer}
}

@article{holm2020gpu,
  title={GPU computing with Python: Performance, energy efficiency and usability},
  author={Holm, H{\aa}vard H and Brodtkorb, Andr{\'e} R and S{\ae}tra, Martin L},
  journal={Computation},
  volume={8},
  number={1},
  pages={4},
  year={2020},
  publisher={MDPI}
}

@article{georgiou2017analyzing,
  title={Analyzing programming languages' energy consumption: An empirical study},
  author={Georgiou, Stefanos and Kechagia, Maria and Spinellis, Diomidis},
  journal={Proceedings of the 21st Pan-Hellenic Conference on Informatics},
  pages={1--6},
  year={2017}
}

@article{pereira2017energy,
  title={Energy efficiency across programming languages: How do energy, time, and memory relate?},
  author={Pereira, Rui and Couto, Marco and Ribeiro, Francisco and Rua, Rui and Cunha, J{\'a}come and Fernandes, Jo{\~a}o Paulo and Saraiva, Jo{\~a}o},
  journal={Proceedings of the 10th ACM SIGPLAN International Conference on Software Language Engineering},
  pages={256--267},
  year={2017}
}

@inproceedings{koedijk2022finding,
  title={Finding significant differences in the energy consumption when comparing programming languages and programs},
  author={Koedijk, Lukas and Oprescu, Ana},
  booktitle={2022 International Conference on ICT for Sustainability (ICT4S)},
  pages={1--12},
  year={2022},
  organization={IEEE}
}

@inproceedings{pfeiffer2024energy,
  title={On the Energy Consumption of CPython},
  author={Pfeiffer, Rolf-Helge},
  booktitle={International Conference on the Quality of Information and Communications Technology},
  pages={194--209},
  year={2024},
  organization={Springer}
}

@article{radersma2022green,
  title={Green coding: Reduce your carbon footprint},
  author={Radersma, Reinder},
  journal={Ethical Software Engineering},
  volume={19},
  year={2022}
}

@article{lorincz2019greener,
  title={Greener, energy-efficient and sustainable networks: State-of-the-art and new trends},
  author={Lorincz, Josip and Capone, Antonio and Wu, Jinsong},
  journal={Sensors},
  volume={19},
  number={22},
  pages={4864},
  year={2019},
  publisher={MDPI}
}

@article{paul2023comprehensive,
  title={A comprehensive review of green computing: Past, present, and future research},
  author={Paul, Showmick Guha and Saha, Arpa and Arefin, Mohammad Shamsul and Bhuiyan, Touhid and Biswas, Al Amin and Reza, Ahmed Wasif and Alotaibi, Naif M and Alyami, Salem A and Moni, Mohammad Ali},
  journal={IEEE Access},
  volume={11},
  pages={87445--87494},
  year={2023},
  publisher={IEEE}
}

@incollection{ahmad2023green,
  title={Green computing for sustainable future technologies and its applications},
  author={Ahmad, Shazib and Mishra, Saksham and Sharma, Vandana},
  booktitle={Contemporary Studies of Risks in Emerging Technology, Part A},
  pages={241--256},
  year={2023},
  publisher={Emerald Publishing Limited}
}
@article{levene1960robust,
  title={Robust tests for equality of variances},
  author={Levene, Howard},
  journal={Contributions to Probability and Statistics},
  pages={278--292},
  year={1960},
  publisher={Stanford University Press}
}

@article{blanca2017non,
  title={Non-normal data: Is ANOVA still a valid option?},
  author={Blanca Mena, M Jos{\'e} and Alarc{\'o}n Postigo, Rafael and Arnau Gras, Jaume and Bono Cabr{\'e}, Roser and Bendayan, Rebecca},
  journal={Psicothema},
  volume={29},
  number={4},
  pages={552--557},
  year={2017},
  publisher={Universidad de Oviedo}
}

@article{mann1947test,
  title={On a test of whether one of two random variables is stochastically larger than the other},
  author={Mann, Henry B and Whitney, Donald R},
  journal={The Annals of Mathematical Statistics},
  volume={18},
  number={1},
  pages={50--60},
  year={1947},
  publisher={Institute of Mathematical Statistics}
}

@article{dunn1961multiple,
  title={Multiple comparisons among means},
  author={Dunn, Olive Jean},
  journal={Journal of the American Statistical Association},
  volume={56},
  number={293},
  pages={52--64},
  year={1961},
  publisher={Taylor \& Francis}
}

@article{kruskal1952use,
  title={Use of ranks in one-criterion variance analysis},
  author={Kruskal, William H and Wallis, W Allen},
  journal={Journal of the American Statistical Association},
  volume={47},
  number={260},
  pages={583--621},
  year={1952},
  publisher={Taylor \& Francis}
}

@article{tukey1953multiple,
  title={The Problem of Multiple Comparisons},
  author={Tukey, John W},
  journal={Unpublished manuscript},
  note={Reprinted in *The Collected Works of John W. Tukey*, Volume VIII: Multiple Comparisons, 1994, edited by H. I. Jones},
  year={1953},
  publisher={Chapman and Hall/CRC}
}

@inproceedings{tiwari2021review,
  title={A Review on Green Computing Implementation Using Efficient Techniques},
  author={Tiwari, Shreya and Shah, Simit and Kulkarni, Vikram and Patil, Pratidnya Hegde},
  booktitle={2021 3rd International Conference on Advances in Computing, Communication Control and Networking (ICAC3N)},
  pages={1496--1501},
  year={2021},
  organization={IEEE}
}

@article{wilks,
  title={An Analysis of Variance Test for Normality (Complete Samples)},
  author={Shapiro, S. S. and Wilk, M. B.},
  journal={Biometrika},
  volume={52},
  number={3/4},
  pages={591--611},
  year={1965},
  publisher={Oxford University Press, Biometrika Trust}
}

@book{montgomery2019design,
  title={Design and Analysis of Experiments},
  author={Montgomery, Douglas C.},
  edition={10},
  year={2019},
  publisher={John Wiley \& Sons},
  pages={85--180}
}

@article{gupta2021chasing,
  title={Chasing carbon: The elusive environmental footprint of computing},
  author={Gupta, Udit and Kim, Young Geun and Lee, Sylvia and Tse, Jordan and Lee, Hsien-Hsin S and Wei, Gu-Yeon and Brooks, David and Wu, Carole-Jean},
  booktitle={2021 IEEE International Symposium on High-Performance Computer Architecture (HPCA)},
  pages={854--867},
  year={2021},
  organization={IEEE}
}

@inproceedings{almogahed2022recent,
  title={Recent studies on the effects of refactoring in software quality: Challenges and open issues},
  author={Almogahed, Abdullah and Omar, Mazni and Zakaria, Nur Haryani},
  booktitle={2022 2nd International Conference on Emerging Smart Technologies and Applications (eSmarTA)},
  pages={1--7},
  year={2022},
  organization={IEEE}
}

@article{traini2021software,
  title={How software refactoring impacts execution time},
  author={Traini, Luca and Di Pompeo, Daniele and Tucci, Michele and Lin, Bin and Scalabrino, Simone and Bavota, Gabriele and Lanza, Michele and Oliveto, Rocco and Cortellessa, Vittorio},
  journal={ACM Transactions on Software Engineering and Methodology (TOSEM)},
  volume={31},
  number={2},
  pages={1--23},
  year={2021},
  publisher={ACM}
}

@inproceedings{freed2023investigation,
  title={An investigation of green software engineering},
  author={Freed, Martina and Bielinska, Sylwia and Buckley, Carla and Coptu, Andreea and Yilmaz, Murat and Messnarz, Richard and Clarke, Paul M},
  booktitle={European Conference on Software Process Improvement},
  pages={124--137},
  year={2023},
  organization={Springer}
}

@article{eder2016entra,
  title={ENTRA: Whole-systems energy transparency},
  author={Eder, Kerstin and Gallagher, John P. and L{\'o}pez-Garc{\'\i}a, Pedro and Muller, Henk and Bankovi{\'c}, Zorana and Georgiou, Kyriakos and Haemmerl{\'e}, R{\'e}my and Hermenegildo, Manuel V. and Kafle, Bishoksan and Kerrison, Steve},
  journal={Microprocessors and Microsystems},
  volume={47},
  pages={278--286},
  year={2016},
  publisher={Elsevier},
  doi={10.1016/j.micpro.2016.08.007}
}

@inbook{winters2020software,
  title={Software engineering at google: Lessons learned from programming over time},
  author={Winters, Titus and Manshreck, Tom and Wright, Hyrum},
  year={2020},
  publisher={O'Reilly Media},
  pages={507},
  chapter={24},
}

@misc{komorn2016python,
  title={Python in production engineering},
  author={Komorn,Romain},
  howpublished={\url{https://engineering.fb.com/2016/05/27/production-engineering/python-in-production-enginee
ring/}},
  note={[Accessed on 6/16/2025]}
}

@misc{ni2016web,
  title={Web Service Efficiency at Instagram with Python},
  author={Ni, Min},
  howpublished={\url{https://instagram-engineering.com/web-service-efficiency-at-instagram-with-python-4976d07
8e366}},
  note={[Accessed on 6/16/2025]}
}

@misc{van2013how,
  title={How we use Python at Spotify},
  author={van der Meer,Geoff},
  howpublished={\url{https://engineering.atspotify.com/2013/03/how-we-use-python-at-spotify}},
  note={[Accessed on 6/16/2025]}
}

@misc{qoitech2022otii,
  title={Otii Ace Pro Product Specification},
  author={Qoitech},
  howpublished={\url{https://www.mouser.com/datasheet/2/1394/Qoitech\_AB\_Otii\_Ace\_Pro\_Datasheet-3132401.pdf}},
  note={[Accessed on 6/16/2025]}
}

